<?xml version="1.0" encoding="UTF-8"?><record xmlns="http://www.loc.gov/MARC21/slim" xmlns:cinclude="http://apache.org/cocoon/include/1.0" xmlns:zs="http://www.loc.gov/zing/srw/">
  <leader>00421cz  a2200121n  4500</leader>
  <controlfield tag="001">n  91066708 </controlfield>
  <controlfield tag="003">DLC</controlfield>
  <controlfield tag="005">19910708114911.2</controlfield>
  <controlfield tag="008">910708n| acannaab|          |n ana |||  </controlfield>
  <datafield tag="010" ind1=" " ind2=" ">
    <subfield code="a">n  91066708 </subfield>
  </datafield>
  <datafield tag="040" ind1=" " ind2=" ">
    <subfield code="a">DLC</subfield>
    <subfield code="c">DLC</subfield>
    <subfield code="d">DLC</subfield>
  </datafield>
  <datafield tag="110" ind1="2" ind2="0">
    <subfield code="a">Portland State University.</subfield>
    <subfield code="b">University Honors Program</subfield>
  </datafield>
  <datafield tag="670" ind1=" " ind2=" ">
    <subfield code="a">Meaning, structure, and history in the PenseĚes of Pascal, 1990:</subfield>
    <subfield code="b">t.p. (Portland State University. University Honors Program)</subfield>
  </datafield>
</record>